@MISC {377929,
    TITLE = {How come the Bernstein operator creates a polynomial of the same degree as its input function?},
    AUTHOR = {copper.hat (http://math.stackexchange.com/users/27978/copper-hat)},
    HOWPUBLISHED = {Mathematics Stack Exchange},
    URL = {http://math.stackexchange.com/q/377929}
}

@MISC {1915642,
    TITLE = {Prove that the Bernstein operator preserves function degree. (If $f$ has degree $m$, then $\mathcal{B}(f)$ has degree $m$)},
    AUTHOR = {John Dawkins (http://math.stackexchange.com/users/189130/john-dawkins)},
    HOWPUBLISHED = {Mathematics Stack Exchange},
    URL = {http://math.stackexchange.com/q/1915642}
}
